@inproceedings{netzer2011reading,
  title={Reading digits in natural images with unsupervised feature learning},
  author={Netzer, Yuval and Wang, Tao and Coates, Adam and Bissacco, Alessandro and Wu, Bo and Ng, Andrew Y},
  booktitle={NIPS workshop on deep learning and unsupervised feature learning},
  volume={2011},
  number={2},
  pages={5},
  year={2011}
}
@article{Goodfellow2013,
archivePrefix = {arXiv},
arxivId = {1312.6082},
author = {Goodfellow, Ian J and Bulatov, Yaroslav and Ibarz, Julian and Arnoud, Sacha and Shet, Vinay},
eprint = {1312.6082},
file = {:home/rob/.local/share/data/Mendeley Ltd./Mendeley Desktop/Downloaded/Goodfellow et al. - Unknown - Multi-digit Number Recognition from Street View Imagery using Deep Convolutional Neural Networks.pdf:pdf},
journal = {CoRR},
mendeley-groups = {Computer Vision},
pages = {1--13},
pmid = {1000106228},
title = {{Multi-digit Number Recognition from Street View Imagery using Deep Convolutional Neural Networks}},
url = {https://static.googleusercontent.com/media/research.google.com/en//pubs/archive/42241.pdf http://arxiv.org/abs/1312.6082{\%}5Cnhttp://arxiv.org/pdf/1312.6082v4.pdf},
volume = {abs/1312.6},
year = {2013}
}
@inproceedings{cnn,
	added-at = {2013-02-22T00:00:00.000+0100},
	author = {Sermanet, Pierre and Chintala, Soumith and LeCun, Yann},
	biburl = {https://www.bibsonomy.org/bibtex/2d80af85986642754c2986809ba143b0c/dblp},
	booktitle = {ICPR},
	crossref = {conf/icpr/2012},
	ee = {http://ieeexplore.ieee.org/xpl/freeabs_all.jsp?arnumber=6460867},
	interhash = {af5a17e29cc88bad1279780fb94e560a},
	intrahash = {d80af85986642754c2986809ba143b0c},
	isbn = {978-1-4673-2216-4},
	keywords = {dblp},
	pages = {3288-3291},
	publisher = {IEEE Computer Society},
	timestamp = {2015-04-28T12:25:56.000+0200},
	title = {Convolutional neural networks applied to house numbers digit classification.},
	url = {http://dblp.uni-trier.de/db/conf/icpr/icpr2012.html#SermanetCL12},
	year = 2012
}
@article{mnist,
  added-at = {2010-06-28T21:16:30.000+0200},
  author = {LeCun, Yann and Cortes, Corinna},
  biburl = {https://www.bibsonomy.org/bibtex/2935bad99fa1f65e03c25b315aa3c1032/mhwombat},
  groups = {public},
  howpublished = {http://yann.lecun.com/exdb/mnist/},
  interhash = {21b9d0558bd66279df9452562df6e6f3},
  intrahash = {935bad99fa1f65e03c25b315aa3c1032},
  keywords = {MSc _checked character_recognition mnist network neural},
  lastchecked = {2016-01-14 14:24:11},
  timestamp = {2016-07-12T19:25:30.000+0200},
  title = {{MNIST} handwritten digit database},
  url = {http://yann.lecun.com/exdb/mnist/},
  username = {mhwombat},
  year = 2010
}


