@misc{SVHN,
  author = { The Street View House Numbers (SVHN) Dataset},
  howpublished = "\url{http://ufldl.stanford.edu/housenumbers}",
  note = {"[Online; accessed 07-10-2017]"}
}
@inproceedings{netzer2011reading,
  title={Reading digits in natural images with unsupervised feature learning},
  author={Netzer, Yuval and Wang, Tao and Coates, Adam and Bissacco, Alessandro and Wu, Bo and Ng, Andrew Y},
  booktitle={NIPS workshop on deep learning and unsupervised feature learning},
  volume={2011},
  number={2},
  pages={5},
  year={2011}
}
@article{Goodfellow2013,
archivePrefix = {arXiv},
arxivId = {1312.6082},
author = {Goodfellow, Ian J and Bulatov, Yaroslav and Ibarz, Julian and Arnoud, Sacha and Shet, Vinay},
eprint = {1312.6082},
file = {:home/rob/.local/share/data/Mendeley Ltd./Mendeley Desktop/Downloaded/Goodfellow et al. - Unknown - Multi-digit Number Recognition from Street View Imagery using Deep Convolutional Neural Networks.pdf:pdf},
journal = {CoRR},
mendeley-groups = {Computer Vision},
pages = {1--13},
pmid = {1000106228},
title = {{Multi-digit Number Recognition from Street View Imagery using Deep Convolutional Neural Networks}},
url = {https://static.googleusercontent.com/media/research.google.com/en//pubs/archive/42241.pdf http://arxiv.org/abs/1312.6082{\%}5Cnhttp://arxiv.org/pdf/1312.6082v4.pdf},
volume = {abs/1312.6},
year = {2013}
}
